@misc{ApplesSWOTAnalysis,
  title = {Apple's {{SWOT}} Analysis: Stock Faces {{AI}} Challenges amid Strong Ecosystem {{By Investing}}.Com},
  shorttitle = {Apple's {{SWOT}} Analysis},
  journal = {Investing.com},
  urldate = {2025-02-13},
  abstract = {Apple's SWOT analysis: stock faces AI challenges amid strong ecosystem},
  howpublished = {https://www.investing.com/news/swot-analysis/cloroxs-swot-analysis-stock-faces-challenges-amid-market-share-gains-3847534},
  langid = {english},
  file = {/home/vasily/Zotero/storage/6HJQ242V/cloroxs-swot-analysis-stock-faces-challenges-amid-market-share-gains-93CH-3847534.html}
}

@misc{blancaroCloroxFacesMixed2024,
  title = {Clorox {{Faces Mixed Analyst Outlook Amid Cyberattack}} and {{Market Challenges}}},
  author = {Blancaro, Eric},
  year = {2024},
  month = sep,
  journal = {The Financial Analyst},
  urldate = {2025-02-13},
  abstract = {The Clorox Company remains a critical focal point for Wall Street analysts as they assess the consumer goods giant's strategic maneuvers and market performance amidst a rapidly changing financial{\dots}},
  howpublished = {https://thefinancialanalyst.net/2024/09/22/clorox-faces-mixed-analyst-outlook-amid-cyberattack-and-market-challenges/},
  langid = {british},
  file = {/home/vasily/Zotero/storage/KZ4V25SY/clorox-faces-mixed-analyst-outlook-amid-cyberattack-and-market-challenges.html}
}

@misc{CloroxCompanyBusiness,
  title = {The {{Clorox Company}}: {{Business Model}}, {{SWOT Analysis}}, and {{Competitors}} 2024 - {{PitchGrade}}},
  urldate = {2025-02-13},
  howpublished = {https://pitchgrade.com/companies/the-clorox-company},
  file = {/home/vasily/Zotero/storage/QZTFKUD7/the-clorox-company.html}
}

@misc{CloroxCompanyCLX,
  title = {The {{Clorox Company}} ({{CLX}}) {{Company Profile}} \& {{Facts}}},
  journal = {Yahoo Finance},
  urldate = {2025-02-13},
  abstract = {See the company profile for The Clorox Company (CLX) including business summary, industry/sector information, number of employees, business summary, corporate governance, key executives and their compensation.},
  howpublished = {https://finance.yahoo.com/quote/CLX/profile/},
  langid = {american},
  file = {/home/vasily/Zotero/storage/XJ2MIHFI/profile.html}
}

@misc{CloroxCompanyCompetitors,
  title = {The {{Clorox Company Competitors}} and Comparisons of {{Financial Results}} from {{MRQ}}},
  urldate = {2025-02-13},
  howpublished = {https://csimarket.com/stocks/competition2.php?code=CLX},
  file = {/home/vasily/Zotero/storage/ZH4ETVT7/competition2.html}
}

@misc{CLXCloroxCo,
  title = {{{CLX}} - {{Clorox Co Stock Price Forecast}} 2025, 2026, 2030 to 2050},
  urldate = {2025-02-13},
  abstract = {Explore CLX - Clorox Co Stock Price Forecast: Accurate short-term and long-term price predictions up to 2050},
  howpublished = {https://stockscan.io/stocks/CLX/forecast},
  langid = {english},
  file = {/home/vasily/Zotero/storage/WHI9R9WM/forecast.html}
}

@misc{ConsumerDefensiveStock,
  title = {Consumer {{Defensive Stock Performance}}},
  journal = {Yahoo Finance},
  urldate = {2025-02-13},
  abstract = {Yahoo Finance's Consumer Defensive performance dashboard help you quickly analyze \& examine stock performance across the Consumer Defensive sector using dozens of metrics and views.},
  howpublished = {https://finance.yahoo.com/sectors/consumer-defensive/},
  langid = {american},
  file = {/home/vasily/Zotero/storage/T9TPD7RZ/consumer-defensive.html}
}

@misc{EvaluatingCloroxInsights,
  title = {Evaluating {{Clorox}}: {{Insights From}} 11 {{Financial Analysts}} {\textbar} {{Nasdaq}}},
  urldate = {2025-02-13},
  howpublished = {https://www.nasdaq.com/articles/evaluating-clorox-insights-11-financial-analysts},
  file = {/home/vasily/Zotero/storage/ARTCX5IV/evaluating-clorox-insights-11-financial-analysts.html}
}

@misc{InvestorsCloroxCompany,
  title = {Investors {\textbar} {{The Clorox Company}}},
  urldate = {2025-02-13},
  howpublished = {https://investors.thecloroxcompany.com/financial-reporting/annual-reports/default.aspx},
  file = {/home/vasily/Zotero/storage/W6TQKC4J/default.html}
}

@misc{MacroeconomicAnalysisClaremont,
  title = {Macroeconomic {{Analysis}} with {{R}} at {{Claremont Graduate University}}},
  journal = {macroLectures},
  urldate = {2025-02-12},
  abstract = {Macroeconomics at Claremont Graduate University},
  howpublished = {https://hisamsabouni.github.io/macroLectures/},
  langid = {american},
  file = {/home/vasily/Zotero/storage/L7Z748HP/macroLectures.html}
}

@misc{regensteinVisualizationSectorTrends2020,
  title = {Visualization {{Sector Trends}} with {{R Code}}},
  author = {Regenstein, Jonathan},
  year = {2020},
  month = jan,
  journal = {Alpha Architect},
  urldate = {2025-02-12},
  abstract = {Welcome to a year-end installment of Reproducible Finance with R, a series posts that will be a little bit different from the norm on Alpha Architect (see here},
  howpublished = {https://alphaarchitect.com/2020/01/visualization-sector-trends-with-r-code/},
  langid = {american},
  file = {/home/vasily/Zotero/storage/K4MK6LPR/visualization-sector-trends-with-r-code.html}
}
