@misc{CloroxCompanyBusiness,
  title = {The {{Clorox Company}}: {{Business Model}}, {{SWOT Analysis}}, and {{Competitors}} 2024 - {{PitchGrade}}},
  urldate = {2025-02-13},
  howpublished = {https://pitchgrade.com/companies/the-clorox-company},
  file = {/home/vasily/Zotero/storage/QZTFKUD7/the-clorox-company.html}
}

@misc{MacroeconomicAnalysisClaremont,
  title = {Macroeconomic {{Analysis}} with {{R}} at {{Claremont Graduate University}}},
  journal = {macroLectures},
  urldate = {2025-02-12},
  abstract = {Macroeconomics at Claremont Graduate University},
  howpublished = {https://hisamsabouni.github.io/macroLectures/},
  langid = {american},
  file = {/home/vasily/Zotero/storage/L7Z748HP/macroLectures.html}
}

@misc{regensteinVisualizationSectorTrends2020,
  title = {Visualization {{Sector Trends}} with {{R Code}}},
  author = {Regenstein, Jonathan},
  year = {2020},
  month = jan,
  journal = {Alpha Architect},
  urldate = {2025-02-12},
  abstract = {Welcome to a year-end installment of Reproducible Finance with R, a series posts that will be a little bit different from the norm on Alpha Architect (see here},
  howpublished = {https://alphaarchitect.com/2020/01/visualization-sector-trends-with-r-code/},
  langid = {american},
  file = {/home/vasily/Zotero/storage/K4MK6LPR/visualization-sector-trends-with-r-code.html}
}
